@article{Einstein1906,
   author = {Einstein, Albert},
   title = {Ist die Tr\"{a}gheit eines KÃ¶rpers von seinem Energieinhalt abh\"{a}ngig?},
   journal = {Annalen der Physik},
   volume = {18},
   number = {639},
   year = {1906},
   type = {Journal Article}
}

@book{RN85,
   author = {Bruce Alberts and Alexander D. Johnson and Julian Lewis and David Morgan and Martin Raff and Keith Roberts and Peter Walter},
   title = {Molecular Biology of the Cell},
   publisher = {Garland Science},
   edition = {5th},
   series = {Molecular Biology of the Cell},
   ISBN = {978-0815341055},
   year = {2007},
   type = {Book}
}

@book{RN29,
   author = {Alon, Uri},
   title = {An Introduction to Systems Biology: Design Principles of Biological Circuits},
   publisher = {CRC Press},
   address = {Boca Raton, FL},
   edition = {1},
   pages = {320},
   ISBN = {9781584886426},
   url = {https://www.crcpress.com/An-Introduction-to-Systems-Biology-Design-Principles-of-Biological-Circuits/Alon/p/book/9781584886426},
   year = {2006},
   type = {Book}
}

@inbook{RN257,
   author = {Ruse, Michael},
   title = {17. From Organicism to Mechanism-and Halfway Back?},
   booktitle = {Beyond Mechanism: Putting Life Back Into Biology},
   editor = {Henning, Brian G.; Scarfe, Adam},
   publisher = {Lexington Books},
   pages = {484},
   ISBN = {9780739174371},
   year = {2013},
   type = {Book Section}
}

@article{RN31,
   author = {Santos-Moreno, Javier and Schaerli, Yolanda},
   title = {Using Synthetic Biology to Engineer Spatial Patterns},
   journal = {Advanced Biosystems},
   volume = {0},
   number = {0},
   pages = {1800280},
   ISSN = {2366-7478},
   DOI = {10.1002/adbi.201800280},
   url = {https://doi.org/10.1002/adbi.201800280},
   year = {2018},
   type = {Journal Article}
}

@article{RN249,
   author = {Scholes, Natalie S. and Isalan, Mark},
   title = {A three-step framework for programming pattern formation},
   journal = {Current Opinion in Chemical Biology},
   volume = {40},
   pages = {1-7},
   ISSN = {1367-5931},
   DOI = {https://doi.org/10.1016/j.cbpa.2017.04.008},
   url = {http://www.sciencedirect.com/science/article/pii/S1367593117300108},
   year = {2017},
   type = {Journal Article}
}

@online{RN324,
   author = {Barros, Kipton and Chacko, Ranjit and Gould, Joshua and Gould, Harvey and Gulbahce, Natali and Sibley, Peter Tobochnik, Jan and Wang, Hui},
   title = {Density of States of the 2D Ising Model},
   number = {13-11-2019},
   url = {http://stp.clarku.edu/simulations/ising/wanglandau/index.html},
   year = {2015},
   type = {Web Page}
}

@mastersthesis{RN292,
   author = {Grundel, Douwe A.J.},
   title = {Investigating travelling waves in a system of communicating cells},
   institution = {Delft University of Technology},
   type = {MSc thesis of minor internship},
   year = {2019},
}

@unpublished{RN312,
   author = {Sgro, Allyson E},
   title = {Who Said To Do That? Understanding Multicellular Decision Making, presented at the Bionanoscience departmetal seminar},
   publisher = {Boston University},
   year = {2019},
   type = {Unpublished Work}
}